@inproceedings{inproceedings,
	author = {Autorw1},
	title = {{Titel}},
	booktitle = {{Buchtitel}},
	year = {Jahr}
}

@inproceedings{Jabbar2020,
  title={Security of cloud computing: belongings for the generations},
  author={Jahangir Jabbar and Hussain Mehmood and Hassaan Malik},
  year={2020}
}

@article{article,
	author = {Autor2},
	title = {{Titel}},
	journal = {{Journal}},
	year = {Jahr},
	volume = {Ausgabe}
}

@patent{patent,
	author = {Autor3},
	title = {{Patent}},
	year = {Jahr},
	nationality = {Land},
	number = {Nummer}
}

@book{book,
	author = {Autor4},
	year = {Jahr},
	title = {{Titel}},
	subtitle = {{Untertitel}},
	address = {Ort},
	publisher = {{Verlag}}
}

@electronic{electronic,
	author = {Autor5},
	title = {{Titel}},
	url = {URL},
	urldate = {Abrufdatum}
}